@ARTICLE{russell1980,
   author = {{Russell}, D.~A. and {Hanson}, J.~D. and {Ott}, E.},
    title = "{Dimension of strange attractors}",
  journal = {Physical Review Letters},
 keywords = {DYNAMIC CHARACTERISTICS, FUNCTION SPACE, LIAPUNOV FUNCTIONS, MAPS, COMPUTER PROGRAMS, DIFFERENTIAL EQUATIONS, DIMENSIONAL ANALYSIS, TIME RESPONSE},
     year = 1980,
    month = oct,
   volume = 45,
    pages = {1175-1178},
      doi = {10.1103/PhysRevLett.45.1175},
   adsurl = {http://adsabs.harvard.edu/abs/1980PhRvL..45.1175R},
  adsnote = {Provided by the SAO/NASA Astrophysics Data System}
}

